@article{test,
  Author = {Geoffrey E. Hinton},
  Date-Added = {2017-10-27 15:00:40 +0000},
  Date-Modified = {2017-10-27 18:03:36 +0000},
  Journal = {Neural Computation},
  Title = {Training Products of Experts by Minimizing Constractive Divergence},
  Year = {2002}}